<record><leader>00000cas a2200000 a 4500</leader><controlfield tag="001">20590853</controlfield><controlfield tag="008">891103d19891997wausr n       0    0eng c</controlfield><datafield ind1=" " ind2=" " tag="010"><subfield code="a">sn 92038166 </subfield></datafield><datafield ind1=" " ind2=" " tag="040"><subfield code="a">CLU</subfield><subfield code="b">eng</subfield><subfield code="c">CLU</subfield><subfield code="d">WAU</subfield><subfield code="d">OCL</subfield><subfield code="d">IUL</subfield><subfield code="d">OCLCQ</subfield><subfield code="d">OCLCF</subfield></datafield><datafield ind1=" " ind2=" " tag="066"><subfield code="c">$1</subfield></datafield><datafield ind1=" " ind2=" " tag="012"><subfield code="i">9707</subfield></datafield><datafield ind1="1" ind2=" " tag="029"><subfield code="a">AU@</subfield><subfield code="b">000015481561</subfield></datafield><datafield ind1="1" ind2=" " tag="029"><subfield code="a">AU@</subfield><subfield code="b">000022176551</subfield></datafield><datafield ind1=" " ind2=" " tag="037"><subfield code="b">North American Post Publishing, Inc., P.O. Box 3173, Seattle, WA 98114</subfield></datafield><datafield ind1=" " ind2=" " tag="042"><subfield code="a">pcc</subfield></datafield><datafield ind1=" " ind2=" " tag="043"><subfield code="a">n-usp--</subfield></datafield><datafield ind1=" " ind2="4" tag="050"><subfield code="a">F852.3</subfield><subfield code="b">.N67</subfield></datafield><datafield ind1="0" ind2="0" tag="245"><subfield code="6">880-01</subfield><subfield code="a">Northwest nikkei =</subfield><subfield code="b">Seihokubu nikkei.</subfield></datafield><datafield ind1="3" ind2="1" tag="246"><subfield code="6">880-02</subfield><subfield code="a">Seihokubu nikkei</subfield><subfield code="f">1989-1990</subfield></datafield><datafield ind1=" " ind2=" " tag="260"><subfield code="a">Seattle, WA :</subfield><subfield code="b">North American Post Pub.,</subfield><subfield code="c">1989-1997.</subfield></datafield><datafield ind1=" " ind2=" " tag="300"><subfield code="a">9 v. :</subfield><subfield code="b">ill. ;</subfield><subfield code="c">45 cm.</subfield></datafield><datafield ind1=" " ind2=" " tag="310"><subfield code="a">Semimonthly,</subfield><subfield code="b">Jan. 1997-Apr. 29, 1997</subfield></datafield><datafield ind1=" " ind2=" " tag="321"><subfield code="a">Monthly,</subfield><subfield code="b">1989-1996</subfield></datafield><datafield ind1="0" ind2=" " tag="362"><subfield code="a">Vol. 1, no. 1 (May 1989)-v. 9 no. 8 [9] (Apr. 29, 1997).</subfield></datafield><datafield ind1=" " ind2=" " tag="515"><subfield code="a">Vol. 8, no. 8 (Aug. 1996) combined with v. 51, no. 92 of Hokubei ho&#772;chi as 50th anniversary issue of Hokubei ho&#772;chi.</subfield></datafield><datafield ind1=" " ind2=" " tag="515"><subfield code="a">Vol. for 1996 includes 11 unnumbered mid-month supplements.</subfield></datafield><datafield ind1=" " ind2=" " tag="515"><subfield code="a">Vol. 9, no. 9 (Apr. 29, 1997) incorrectly numbered v. 9, no. 8.</subfield></datafield><datafield ind1="8" ind2=" " tag="521"><subfield code="a">"Japanese Americans."</subfield></datafield><datafield ind1=" " ind2=" " tag="580"><subfield code="a">Absorbed by Hokubei ho&#772;chi with v. 9, no. 10 (May 2, 1997).</subfield></datafield><datafield ind1=" " ind2="0" tag="650"><subfield code="a">Japanese Americans</subfield><subfield code="z">Northwest, Pacific</subfield><subfield code="v">Newspapers.</subfield></datafield><datafield ind1=" " ind2="7" tag="655"><subfield code="a">Newspapers.</subfield><subfield code="2">fast</subfield><subfield code="0">(OCoLC)fst01423814</subfield></datafield><datafield ind1=" " ind2="7" tag="650"><subfield code="a">Japanese Americans.</subfield><subfield code="2">fast</subfield><subfield code="0">(OCoLC)fst00981441</subfield></datafield><datafield ind1=" " ind2="7" tag="651"><subfield code="a">Pacific Northwest.</subfield><subfield code="2">fast</subfield><subfield code="0">(OCoLC)fst01242543</subfield></datafield><datafield ind1=" " ind2=" " tag="752"><subfield code="a">United States</subfield><subfield code="b">Washington</subfield><subfield code="c">King</subfield><subfield code="d">Seattle.</subfield></datafield><datafield ind1="1" ind2="4" tag="785"><subfield code="6">880-03</subfield><subfield code="t">Hokubei ho&#772;chi</subfield><subfield code="g">May 2, 1997</subfield><subfield code="w">(DLC)sn 85000368</subfield><subfield code="w">(OCoLC)11627889</subfield></datafield><datafield ind1=" " ind2=" " tag="850"><subfield code="a">WaU</subfield></datafield><datafield ind1="0" ind2="0" tag="880"><subfield code="6">245-01/$1</subfield><subfield code="a">Northwest Nikkei =</subfield><subfield code="b">&#35199;&#21271;&#37096;&#26085;&#31995;.</subfield></datafield><datafield ind1="3" ind2="1" tag="880"><subfield code="6">246-02/$1</subfield><subfield code="a">&#35199;&#21271;&#37096;&#26085;&#31995;</subfield><subfield code="f">1989-1990</subfield></datafield><datafield ind1="1" ind2="4" tag="880"><subfield code="6">785-03/$1</subfield><subfield code="t">&#21271;&#31859;&#22577;&#30693;</subfield><subfield code="g">May 2, 1997</subfield><subfield code="w">(DLC)sn 85000368</subfield><subfield code="w">(OCoLC)11627889</subfield></datafield></record>